@article{fernandezhal-01251871,
  TITLE = {{Strategic Port Graph Rewriting: an Interactive Modelling Framework}},
  AUTHOR = {Fern{\'a}ndez, Maribel and Kirchner, H{\'e}l{\`e}ne and Pinaud, Bruno},
  URL = {https://hal.inria.fr/hal-01251871},
  JOURNAL = {{Mathematical Structures in Computer Science}},
  PUBLISHER = {{Cambridge University Press (CUP)}},
  YEAR = {2019},
  volume={29},
  number={5},
  pages={615--662},
  doi={10.1017/S0960129518000270}
}

@article{BorovanskyKKMR98,
	Author = {Peter Borovansk{\'y} and Claude Kirchner and H{\'e}l{\`e}ne Kirchner and Pierre-Etienne Moreau and Christophe Ringeissen},
	Date-Added = {2010-09-03 12:47:11 +0100},
	Date-Modified = {2010-09-03 12:47:11 +0100},
	Journal = {{ENTCS}},
	Title = {{An overview of ELAN}},
	Volume = {15},
	doi={10.1016/S1571-0661(05)82552-6},
	Year = {1998}
}
	
@inproceedings{Vis01.rta,
	Author = {Eelco Visser},
	Booktitle = {Proceedings of the International Conference on Rewriting Techniques and Applications (RTA'01)},
	Pages = {357--361},
	Publisher = {Springer-Verlag},
	Series = {Lecture Notes in Computer Science},
	Title = {Stratego: {A} Language for Program Transformation based on Rewriting Strategies. {S}ystem Description of {Stratego} 0.5},
	Volume = 2051,
	doi={10.1007/3-540-45127-7_27},
	Year = 2001}
	
	
@inproceedings{TOM-RTA07,
	Author = {Emilie Balland and Paul Brauner and Radu Kopetz and Pierre-Etienne Moreau and Antoine Reilles},
	Booktitle = {Rewriting Techniques and Applications (RTA)},
	Date-Added = {2010-09-03 12:47:26 +0100},
	Date-Modified = {2010-09-03 12:47:26 +0100},
	Editor = {Franz Baader},
	Pages = {36--47},
	Publisher = {Springer},
	Series = {Lecture Notes in Computer Science},
	Title = {{Tom: Piggybacking Rewriting on Java}},
	doi={10.1007/978-3-540-73449-9_5},
	Volume = {4533},
	Year = {2007}}
	
@article{pinaud:hal-00682550, 
AUTHOR = {Pinaud, Bruno and Melan{\c c}on, Guy and Dubois, Jonathan},
TITLE = {{PORGY: A Visual Graph Rewriting Environment for Complex Systems}},
JOURNAL = {{Computer Graphics Forum}},
PUBLISHER = {Blackwell Publishing},
VOLUME = {31},
NUMBER = {3},
PAGES = {1265-1274},
YEAR = {2012},
DOI = {10.1111/j.1467-8659.2012.03119.x},
URL = {http://hal.inria.fr/hal-00682550} 
}

@inproceedings{andrei:2011:inria-00563249:1,
  AUTHOR = {Oana Andrei and Maribel Fern\'andez and H\'el\`ene Kirchner and Guy Melan{\c c}on and Olivier Namet and Bruno Pinaud},
  TITLE = {{PORGY: Strategy-Driven Interactive Transformation of Graphs}},
  BOOKTITLE=  {$6^{th}$ Int. Workshop on Computing with Terms and Graphs},
OPTBOOKTITLE = { TERMGRAPH },
  Series = {Electronic Proceedings in Theoretical Computer Science},
  YEAR = {2011},
  EDITOR = {Rachid Echahed},
  VOLUME = {48},
  PAGES = {54-68},
  OPTADDRESS = {Saarbr{\"u}cken, Allemagne},
  DOI = {10.4204/EPTCS.48.7},
  URL = {http://hal.inria.fr/inria-00563249/en}
}

@incollection{FKN:Lopstr,
year={2012},
isbn={978-3-642-32210-5},
booktitle={Logic-Based Program Synthesis and Transformation},
volume={7225},
series={Lecture Notes in Computer Science},
editor={Vidal, Germ\'an},
doi={10.1007/978-3-642-32211-2_12},
title={A Strategy Language for Graph Rewriting},
url={http://dx.doi.org/10.1007/978-3-642-32211-2_12},
publisher={Springer Berlin Heidelberg},
keywords={port graph; graph rewriting; strategies; visual environment},
author={Fern\'andez, Maribel and Kirchner, H\'el\`ene and Namet, Olivier},
pages={173--188}
}

@article{fernandez2018,
  TITLE = {{Labelled Graph Strategic Rewriting for Social Networks}},
  AUTHOR = {Fernandez, Maribel and Kirchner, H{\'e}l{\`e}ne and Pinaud, Bruno and Vallet, Jason},
  JOURNAL = {{Journal of Logical and Algebraic Methods in Programming}},
  PUBLISHER = {{Elsevier}},
  VOLUME = {96},
  NUMBER = {C},
  PAGES = {12--40},
  YEAR = {2018},
  DOI = {10.1016/j.jlamp.2017.12.005}
}

@inproceedings{Varga19,
  author    = {J{\'{a}}nos Varga},
  editor    = {Maribel Fern{\'{a}}ndez and Ian Mackie},
  title     = {{Finding the Transitive Closure of Functional Dependencies using Strategic
               Port Graph Rewriting}},
  booktitle = {Proceedings Tenth International Workshop on Computing with Terms and
               Graphs, TERMGRAPH@FSCD 2018, Oxford, UK, 7th July 2018},
  series    = {{EPTCS}},
  volume    = {288},
  pages     = {50--62},
  year      = {2018},
  doi       = {10.4204/EPTCS.288.5}
}